<?xml version="1.0" encoding="UTF-8"?><collection xmlns="http://www.loc.gov/MARC21/slim"><record><leader>00404nam--2200145-i-4500</leader><controlfield tag="001">000006870</controlfield><controlfield tag="002">20161230</controlfield><controlfield tag="005">20170224014056</controlfield><controlfield tag="008">060222s1000------------r-----000-0-eng-d</controlfield><datafield ind1=" " ind2=" " tag="100"><subfield code="a">Deshpande, N. G</subfield></datafield><datafield ind1=" " ind2=" " tag="245"><subfield code="a">On the consistency of z3+o and finite mass renormalization</subfield></datafield><datafield ind1=" " ind2=" " tag="260"><subfield code="a">Washington</subfield><subfield code="b">U.S.Atomic Energy Commis</subfield><subfield code="c">1964</subfield></datafield><datafield ind1=" " ind2=" " tag="300"><subfield code="a">3 p</subfield></datafield><datafield ind1=" " ind2=" " tag="700"><subfield code="a">Gerstein, I. S</subfield></datafield><datafield ind1=" " ind2=" " tag="CAT"><subfield code="a">SYS</subfield><subfield code="c">20170224</subfield><subfield code="h">014056</subfield></datafield></record></collection>